<?xml version="1.0" encoding="UTF-8"?><collection xmlns="http://www.loc.gov/MARC21/slim"><record><leader>00447nam--2200121-i-4500</leader><controlfield tag="001">000025881</controlfield><controlfield tag="002">20161230</controlfield><controlfield tag="005">20161230201036</controlfield><controlfield tag="008">060222s1000------------r-----000-0-eng-d</controlfield><datafield ind1=" " ind2=" " tag="080"><subfield code="a">548:538.97(061.3)</subfield></datafield><datafield ind1=" " ind2=" " tag="245"><subfield code="a">Les joints de grains dans les matheriaux ecole dete de metallurgie physique carryle-rouet (france) 20-28 september 1984.responsabse scientifique m. aucouturier</subfield></datafield><datafield ind1=" " ind2=" " tag="260"><subfield code="a">Les Ulis, Les Editions De Physique, 1984. Xx+438p</subfield></datafield><datafield ind1=" " ind2=" " tag="852"><subfield code="a">73867</subfield></datafield></record></collection>